@article{tyanova2016maxquant,
  title={The MaxQuant computational platform for mass spectrometry-based shotgun proteomics},
  author={Tyanova, Stefka and Temu, Tikira and Cox, Juergen},
  journal={Nature Protocols},
  volume={11},
  number={12},
  pages={2301--2319},
  year={2016},
  publisher={Nature Research}
}


@article{spivak2009improvements,
  title={Improvements to the percolator algorithm for Peptide identification from shotgun proteomics data sets},
  author={Spivak, Marina and Weston, Jason and Bottou, L{\'e}on and K{\"a}ll, Lukas and Noble, William Stafford},
  journal={Journal of proteome research},
  volume={8},
  number={7},
  pages={3737},
  year={2009},
  publisher={NIH Public Access}
}


